@misc{Rangapur,
  doi         = "{10.48550/ARXIV.2201.09514}",
  url         = "{https://arxiv.org/abs/2201.09514}",
  author      = "{Rangapur, Aman and Kanakam, Tarun and Jubilson, Ajith}",
  keywords    = "{Cryptography and Security (cs.CR), Artificial Intelligence (cs.AI), FOS: Computer and information sciences, FOS: Computer and information sciences, I.2.m}",
  title       = "{DDoSDet: An approach to Detect DDoS attacks using Neural Networks}",
  publisher   = "{arXiv}",
  year        = 2022,
  copyright   = "{Creative Commons Zero v1.0 Universal}"
}

@article{Agrawal,
    author    = "{Agrawal, Neha and Tapaswi, Shashikala}",  
    journal   = "{IEEE Communications Surveys & Tutorials}",   
    title     = "{Defense Mechanisms Against DDoS Attacks in a Cloud Computing Environment: State-of-the-Art and Research Challenges}",   
    year      = 2019,  
    volume    = 21,  
    number    = 4,  
    pages     = {3769-3795},  
    doi       = "{10.1109/COMST.2019.2934468}"
}

@INPROCEEDINGS{Shaaban,  
    author    = "{Ramzy Shaaban, Ahmed and Abdelwaness, Essam and Hussein, Mohamed}",  
    booktitle = "{2019 IEEE International Conference on Vehicular Electronics and Safety (ICVES)}",   
    title     = "{TCP and HTTP Flood DDOS Attack Analysis and Detection for space ground Network}",   
    year      = 2019,   
    pages     = {1-6},  
    doi       = "{10.1109/ICVES.2019.8906302}"
}

@ARTICLE{Stiawan,  
    author    = "{Stiawan, Deris and Suryani, Meilinda Eka and Susanto and Idris, Mohd Yazid and Aldalaien, Muawya N. and Alsharif, Nizar and Budiarto, Rahmat}",  
    journal   = "{IEEE Access}",   
    title     = "{Ping Flood Attack Pattern Recognition Using a K-Means Algorithm in an Internet of Things (IoT) Network}",
    year      = 2021,  
    volume    = 9,
    pages     = {116475-116484},  
    doi       = "{10.1109/ACCESS.2021.3105517}"
}

@article{Gopi,
    author    = "{Gopi, R. and Velayutham, Sathiyamoorthi and Selvakumar, S. and Manikandan, Ramasamy and Chatterjee, Pushpita and Zaman, Noor and Luhach, Ashish}",
    year      = 2022,
    month     = 08,
    pages     = {1-19},
    title     = "{Enhanced method of ANN based model for detection of DDoS attacks on multimedia internet of things}",
    volume    = 81,
    journal   = "{Multimedia Tools and Applications}",
    doi       = "{10.1007/s11042-021-10640-6}"
}

@INPROCEEDINGS{Li,  
    author    = "{Li, Yan and Lu, Yifei}",  
    booktitle = "{2019 Seventh International Conference on Advanced Cloud and Big Data (CBD)}",
    title     = "{LSTM-BA: DDoS Detection Approach Combining LSTM and Bayes}",   
    year      = 2019,   
    pages     = {180-185}, 
    doi       = "{10.1109/CBD.2019.00041}"
}

@INPROCEEDINGS{Unswnb15,  
    author    = "{Moustafa, Nour and Slay, Jill}",  
    booktitle = "{2015 Military Communications and Information Systems Conference (MilCIS)}",   
    title     = "{UNSW-NB15: a comprehensive data set for network intrusion detection systems (UNSW-NB15 network data set)}",   
    year      = 2015,   
    pages     = {1-6},  
    doi       = "{10.1109/MilCIS.2015.7348942}"
}

@INPROCEEDINGS{CICDDoS2019,  
    author    = "{Iman, Sharafaldin and Arash, Lashkari and Saqib, Hakak and Ali, Ghorbani}",  
    booktitle = "{IEEE 53rd International Carnahan Conference on Security Technology}",   
    title     = "{Developing Realistic Distributed Denial of Service (DDoS) Attack Dataset and Taxonomy}",   
    year      = 2019,  
    pages     = {1-6}
}

@INPROCEEDINGS{LuhanZou,  
    author    = "{Zou, Luhan and Wei, Yunkai and Ma, Lixiang and Leng, Supeng}",  
    booktitle = "{IEEE INFOCOM 2022 - IEEE Conference on Computer Communications Workshops (INFOCOM WKSHPS)}",   
    title     = "{Feature-Attended Multi-Flow LSTM for Anomaly Detection in Internet of Things}",
    year      = 2022,  
    pages     = {1-6},  
    doi       = "{10.1109/INFOCOMWKSHPS54753.2022.9798066}"
}

@INPROCEEDINGS{Jirasin,
  author      = "{Boonchai, Jirasin and Kitchat, Kotcharat and Nonsiri, Sarayut}",
  booktitle   = "{2022 7th International Conference on Business and Industrial Research (ICBIR)}", 
  title       = "{The Classification of DDoS Attacks Using Deep Learning Techniques}", 
  year        = 2022,
  pages       = {544-550},
  doi         = "{10.1109/ICBIR54589.2022.9786394}"
}

@software{ozgunk,
  author        = "{Ozgun, Kagan}",
  title         = "{Detecting Denial of Service Attacks Using Network Traffic Data}",
  url           = "{https://github.com/kaganozgun/dos-detection-on-network-data}",
  version       = "{0.0.1}"
}